@Misc{worksheets3644,
    AUTHOR = {Capco, Jose and Laplagne, Santiago},
     TITLE = {Auxiliary {M}aple worksheets for this paper},
      YEAR = {2023},
       howpublished = {https://bitbucket.org/slaplagne/rational-sos},
}

@book{arbarello,
author = {Arbarello, E. and Cornalba, M. and Griffiths, P.A. and Harris, J.},
title = {Geometry of Algebraic Curves},
volume = {I},
publisher = {Springer},
year = {1985}
}

@article {harris,
    AUTHOR = {Harris, J. and Tu, L.W.},
     TITLE = {On Symmetric and Skew-Symmetric Determinantal Varieties},
   JOURNAL = {Topology},
    VOLUME = {23},
      YEAR = {1984},
    NUMBER = {1},
     PAGES = {71--84},
}


@article {coste,
    AUTHOR = {Coste, M. and Moussa, S.},
     TITLE = {Rationality of the Locus of Singularities of the General Gough-Stewart Platform},
   JOURNAL = {SIAM Journal on Applied Algebra and Geometry},
    VOLUME = {4},
      YEAR = {2020},
    NUMBER = {3},
     PAGES = {401--421},
}

@article {choi,
    AUTHOR = {Choi, M. D. and Lam, T. Y. and Reznick, B. and Rosenberg, A.},
     TITLE = {Sums of squares in some integral domains},
   JOURNAL = {J. Algebra},
  FJOURNAL = {Journal of Algebra},
    VOLUME = {65},
      YEAR = {1980},
    NUMBER = {1},
     PAGES = {234--256},
      ISSN = {0021-8693},
   MRCLASS = {10C04 (12D15 13B99)},
  MRNUMBER = {578805},
MRREVIEWER = {Manfred Knebusch},
       DOI = {10.1016/0021-8693(80)90248-3},
       URL = {https://doi.org/10.1016/0021-8693(80)90248-3},
}

@article {choi2,
    AUTHOR = { M.D. Choi, T.Y. Lam, B. Reznick},
     TITLE = {Sums of squares of real polynomials},
   JOURNAL = {J. Algebra},
  FJOURNAL = {Journal of Algebra},
    VOLUME = {65},
      YEAR = {1980},
    NUMBER = {1},
     PAGES = {234--256},
      ISSN = {0021-8693},
   MRCLASS = {10C04 (12D15 13B99)},
  MRNUMBER = {578805},
MRREVIEWER = {Manfred Knebusch},
       DOI = {10.1016/0021-8693(80)90248-3},
       URL = {https://doi.org/10.1016/0021-8693(80)90248-3},
}

@ARTICLE{capco,
       author = {{Capco}, Jose and {Scheiderer}, Claus},
        title = "{Two remarks on sums of squares with rational coefficients}",
      journal = {arXiv e-prints},
     keywords = {Mathematics - Algebraic Geometry},
         year = "2019",
        month = "May",
          eid = {arXiv:1905.13282},
        pages = {arXiv:1905.13282},
archivePrefix = {arXiv},
       eprint = {1905.13282},
 primaryClass = {math.AG},
       adsurl = {https://ui.adsabs.harvard.edu/abs/2019arXiv190513282C},
      adsnote = {Provided by the SAO/NASA Astrophysics Data System}
}

@article {blekherman2,
    AUTHOR = {Blekherman, Grigoriy and Hauenstein, Jonathan and Ottem, John
              Christian and Ranestad, Kristian and Sturmfels, Bernd},
     TITLE = {Algebraic boundaries of {H}ilbert's {SOS} cones},
   JOURNAL = {Compos. Math.},
  FJOURNAL = {Compositio Mathematica},
    VOLUME = {148},
      YEAR = {2012},
    NUMBER = {6},
     PAGES = {1717--1735},
      ISSN = {0010-437X},
   MRCLASS = {14P05 (13J30 14J28)},
  MRNUMBER = {2999301},
MRREVIEWER = {Luis Miguel Pardo},
       DOI = {10.1112/S0010437X12000437},
       URL = {https://doi.org/10.1112/S0010437X12000437},
}

@incollection {blekherman,
    AUTHOR = {Blekherman, Grigoriy},
     TITLE = {Nonnegative polynomials and sums of squares},
 BOOKTITLE = {Semidefinite optimization and convex algebraic geometry},
    SERIES = {MOS-SIAM Ser. Optim.},
    VOLUME = {13},
     PAGES = {159--202},
 PUBLISHER = {SIAM, Philadelphia, PA},
      YEAR = {2013},
   MRCLASS = {13J30 (14P10)},
  MRNUMBER = {3050243},
}

@article {choi2,
    AUTHOR = { M.D. Choi, T.Y. Lam, B. Reznick},
     TITLE = {Sums of squares of real polynomials},
   JOURNAL = {J. Algebra},
  FJOURNAL = {Journal of Algebra},
    VOLUME = {65},
      YEAR = {1980},
    NUMBER = {1},
     PAGES = {234--256},
      ISSN = {0021-8693},
   MRCLASS = {10C04 (12D15 13B99)},
  MRNUMBER = {578805},
MRREVIEWER = {Manfred Knebusch},
       DOI = {10.1016/0021-8693(80)90248-3},
       URL = {https://doi.org/10.1016/0021-8693(80)90248-3},
}

@article {laplagne,
    AUTHOR = {Laplagne, Santiago},
     TITLE = {Facial reduction for exact polynomial sum of squares decompositions},
   JOURNAL = {Mathematics of Computation},
   pages = {to appear},
      YEAR = {2018},
}

@article {scheiderer,
    AUTHOR = {Scheiderer, Claus},
     TITLE = {Sums of squares of polynomials with rational coefficients},
   JOURNAL = {J. Eur. Math. Soc. (JEMS)},
  FJOURNAL = {Journal of the European Mathematical Society (JEMS)},
    VOLUME = {18},
      YEAR = {2016},
    NUMBER = {7},
     PAGES = {1495--1513},
      ISSN = {1435-9855},
   MRCLASS = {14G05 (11E25 14P05 90C22)},
  MRNUMBER = {3506605},
MRREVIEWER = {Victoria Powers},
       DOI = {10.4171/JEMS/620},
       URL = {https://doi.org/10.4171/JEMS/620},
}

@article {hillar,
    AUTHOR = {Hillar, Christopher J.},
     TITLE = {Sums of squares over totally real fields are rational sums of
              squares},
   JOURNAL = {Proc. Amer. Math. Soc.},
  FJOURNAL = {Proceedings of the American Mathematical Society},
    VOLUME = {137},
      YEAR = {2009},
    NUMBER = {3},
     PAGES = {921--930},
      ISSN = {0002-9939},
   MRCLASS = {12F10 (11E25 12D15 12Y05)},
  MRNUMBER = {2457431},
MRREVIEWER = {Andrzej S\l adek},
       DOI = {10.1090/S0002-9939-08-09641-X},
       URL = {https://doi.org/10.1090/S0002-9939-08-09641-X},
}

@article {wolkowicz,
    AUTHOR = {Borwein, Jon M. and Wolkowicz, Henry},
     TITLE = {Facial reduction for a cone-convex programming problem},
   JOURNAL = {J. Austral. Math. Soc. Ser. A},
  FJOURNAL = {Australian Mathematical Society. Journal. Series A},
    VOLUME = {30},
      YEAR = {1980/81},
    NUMBER = {3},
     PAGES = {369--380},
      ISSN = {0263-6115},
   MRCLASS = {90C25},
  MRNUMBER = {614086},
MRREVIEWER = {B. T. Polyak},
}

@article {parrilo,
    AUTHOR = {Peyrl, Helfried and Parrilo, Pablo A.},
     TITLE = {Computing sum of squares decompositions with rational
              coefficients},
   JOURNAL = {Theoret. Comput. Sci.},
  FJOURNAL = {Theoretical Computer Science},
    VOLUME = {409},
      YEAR = {2008},
    NUMBER = {2},
     PAGES = {269--281},
      ISSN = {0304-3975},
   MRCLASS = {65K05 (68W30)},
  MRNUMBER = {2474341},
MRREVIEWER = {Jan Mach},
       DOI = {10.1016/j.tcs.2008.09.025},
       URL = {https://doi.org/10.1016/j.tcs.2008.09.025},
}
	
@inproceedings{permenter,
     author  = "Permenter, Frank",
     title   = "Partial facial reduction: simplified, equivalent SDPs via approximations of the PSD cone",
     publisher = "presented at the Mosek Workshop, October 6th",
     url = "https://docs.mosek.com/2014/sdoprepro/Frank\_MOSEK\_talk.pdf",
     year    = 2014
}

@book{Matlab,
author = {Matlab},
title = {Version R2016a},
publisher = {The MathWorks Inc.},
year = {2016},
address = {Natick, Massachusetts}
}

@book{Maple,
author = {Maple},
title = {Version 2015.1},
publisher = {{M}aple is a trademark of {W}aterloo {M}aple {I}nc.},
year = {2015}
}

@Misc{rationalSOS,
    AUTHOR = {Laplagne, Santiago},
     TITLE = {\texttt{rationalSOS}, a {M}aple package for exact {SOS} decomposition},
      YEAR = {2018},
       howpublished = {https://bitbucket.org/slaplagne/rationalsos},
}

@article {reznick,
    AUTHOR = {Reznick, Bruce},
     TITLE = {Extremal {PSD} forms with few terms},
   JOURNAL = {Duke Math. J.},
  FJOURNAL = {Duke Mathematical Journal},
    VOLUME = {45},
      YEAR = {1978},
    NUMBER = {2},
     PAGES = {363--374},
      ISSN = {0012-7094},
}

@article{SEDUMI,
author = {Sturm, Jos F.},
title = {Using SeDuMi 1.02, A Matlab toolbox for optimization over symmetric cones},
journal = {Optimization Methods and Software},
volume = {11},
number = {1-4},
pages = {625-653},
year  = {1999},
publisher = {Taylor & Francis},
doi = {10.1080/10556789908805766},
URL = {https://doi.org/10.1080/10556789908805766},
eprint = {https://doi.org/10.1080/10556789908805766}
}

@article {Hilbert,
    AUTHOR = {Hilbert, David},
     TITLE = {Ueber die {D}arstellung definiter {F}ormen als {S}umme von
              {F}ormenquadraten},
   JOURNAL = {Math. Ann.},
  FJOURNAL = {Mathematische Annalen},
    VOLUME = {32},
      YEAR = {1888},
    NUMBER = {3},
     PAGES = {342--350},
      ISSN = {0025-5831},
   MRCLASS = {DML},
  MRNUMBER = {1510517},
       DOI = {10.1007/BF01443605},
       URL = {https://doi.org/10.1007/BF01443605},
}


@incollection {Motzkin,
    AUTHOR = {Motzkin, T. S.},
     TITLE = {The arithmetic-geometric inequality},
 BOOKTITLE = {Inequalities ({P}roc. {S}ympos. {W}right-{P}atterson {A}ir
              {F}orce {B}ase, {O}hio, 1965)},
     PAGES = {205--224},
 PUBLISHER = {Academic Press, New York},
      YEAR = {1967},
   MRCLASS = {26.70},
  MRNUMBER = {0223521},
MRREVIEWER = {M. F. Smiley},
}

@Misc{RegularChains,
    AUTHOR = {Lemaire, F. and Moreno Maza and Xie, Y.},
     TITLE = {\texttt{RegularChains}, a {M}aple package for solving systems of algebraic equations and inequations},
      YEAR = {2005},
}

       %howpublished = {https://bitbucket.org/slaplagne/rationalsos},

@Misc{CylindricalDecomposition,
    AUTHOR = {Wolfram Research, Inc.},
     TITLE = {\texttt{Cylindrical Algebraic Decomposition}, a {M}athematica package for solving systems of algebraic equations and inequations},
      YEAR = {2005},
}


       %howpublished = {https://bitbucket.org/slaplagne/rationalsos},
